@article{ir_survey,
author = {Zitová, Barbara and Flusser, Jan},
year = {2003},
month = {10},
pages = {977-1000},
title = {Image Registration Methods: A Survey},
volume = {21},
journal = {Image and Vision Computing},
doi = {10.1016/S0262-8856(03)00137-9}
}

@article{unknown,
author = {Mustaniemi, Janne and Kannala, Juho and Särkkä, Simo and Matas, Jiri and Heikkilä, Janne},
year = {2018},
month = {05},
pages = {},
title = {Fast Motion Deblurring for Feature Detection and Matching Using Inertial Measurements}
}

@article{repeat,
author = {Schmid, Cordelia and Mohr, Roger and Bauckhage, Christian},
year = {2000},
month = {08},
pages = {151-172},
title = {Evaluation of Interest Point Detectors},
volume = {37},
journal = {International Journal of Computer Vision},
doi = {10.1023/A:1008199403446}
}

@online{pytut,
author = {abidrahmak(github)},
title = {Introduction to SIFT (Scale-Invariant Feature Transform)},
year = {2013},
url = {https://opencv-python-tutroals.readthedocs.io/en/latest/py_tutorials/py_feature2d/py_sift_intro/py_sift_intro.html},
OPTurldate = {24/2/2021},
}

@book{book,
author = {Gonzalez, Rafael and Faisal, Zahraa},
year = {2019},
month = {06},
pages = {},
title = {Digital Image Processing Second Edition}

@book{geometry,
   title =     {Multiple View Geometry in Computer Vision},
   author =    {Richard Hartley, Andrew Zisserman},
   publisher = {Cambridge University Press},
   isbn =      {9780521540513,0-521-54051-8},
   year =      {2003},
   series =    {},
   edition =   {2nd ed},
   volume =    {},
   url =       {http://gen.lib.rus.ec/book/index.php?md5=9C3806B82E6B235E1F8C77310FF1CFDA}
 }
@inproceedings{focusm,
author = {Pech Pacheco, Jose Luis and Cristobal, Gabriel and Chamorro-Martinez, J. and Fernandez-Valdivia, J.},
year = {2000},
month = {02},
pages = {314-317 vol.3},
title = {Diatom autofocusing in brightfield microscopy: A comparative study},
volume = {3},
isbn = {0-7695-0750-6},
journal = {Pattern Recognition, Proceedings. 15th International Conference on},
doi = {10.1109/ICPR.2000.903548}
}
